@Article{Brezina2020,
  author  = {Ivan Brezina and Juraj Pekár and Jaroslav Kultan and Iryna Ushakova and Oleksandr Dorokhov},
  journal = {Development Management},
  title   = {Computer tools for solving the traveling salesman problem},
  year    = {2020},
  pages   = {25--39},
}

@Article{Shtovba2003,
  author  = {С. Д. Штовба},
  journal = {Exponenta Pro},
  title   = {Муравьиные алгоритмы},
  year    = {2003},
  pages   = {70--75},
  volume  = 4,
}