@book{knut,
	author="Дональд Кнут",
	title="Сортировка и поиск",
	publisher="Вильямс",
	volume=3,
	series="Искусство программирования",
	year=2000,
	pages=834
}

@misc{gotest,
	title="Документация по ЯП Go: бенчмарки [Электронный ресурс]",
	howpublished="Режим доступа: \url{https://go.dev/doc/tutorial/add-a-test} (дата обращения: 21.09.2022)"
}

@misc{windows,
	title="Windows 11 [Электронный ресурс]",
	howpublished="Режим доступа: \url{https://www.microsoft.com/en-us/windows?wa=wsignin1.0} (дата обращения: 21.09.2022)"
}

@misc{amd,
	title="Процессор AMD Ryzen™ 5 3550H [Электронный ресурс]",
	howpublished="Режим доступа: \url{https://www.amd.com/ru/products/apu/amd-ryzen-5-3550h} (дата обращения: 21.09.2022)"
}

@misc{golang,
	title="Язык программирования Go [Электронный ресурс].",
	howpublished="Режим доступа: \url{https://go.dev} (дата обращения: 21.09.2022)"
}

@misc{byte_ocr,
	howpublished = {Режим доступа: \url{https://archive.org/details/eu_BYTE-1991-04_OCR/page/n425/mode/2up} (дата обращения: 06.11.2022)},
	title        = {BYTE 1991 04 OCR [Электронный ресурс]},
}

@misc{comb_cocktail_counting_sort_compare,
	howpublished = {Режим доступа: \url{https://www.irjet.net/archives/V4/i1/IRJET-V4I1249.pdf} (дата обращения: 06.11.2022)},
	title        = {A comparative Study of Sorting Algorithms Comb, Cocktail and Counting Sorting [Электронный ресурс]},
}

@misc{kolmogorov_complexity,
	howpublished = {Режим доступа: \url{https://arxiv.org/pdf/0905.4452.pdf} (дата обращения: 06.11.2022)},
	title        = {Analysis of Sorting Algorithms by Kolmogorov Complexity [Электронный ресурс]},
}

@misc{simd,
	howpublished = {Режим доступа: \url{https://www.vldb.org/pvldb/vol8/p1274-inoue.pdf} (дата обращения: 06.11.2022)},
	title        = {SIMD -- and Cache-Friendly Algorithm for Sorting an Array of Structures [Электронный ресурс]},
}

@misc{dobosiewicz_shaker_sort,
	howpublished = {Режим доступа: \url{https://homepages.cwi.nl/~paulv/papers/sorting.pdf} (дата обращения 8.11.2022)},
	title = {Dobosiewicz Sort and Shakersort [Электронный ресурс]},
}
