@Article{Vasin2000,
  author  = {Н. Н. Васин and Л. Н. Балыкова},
  journal = {Самарский государственный аэрокосмический университет},
  title   = {Лингвистическая переменная в моделировании экономических параметров в управлении},
  year    = {2000},
  pages   = {59},
}

@Article{Shuikova2016,
  author  = {И. А. Шуйкова},
  journal = {Национальный исследовательский университет <<Высшая школа экономики>>},
  title   = {Структуры данных. Словари. Множества},
  year    = {2016},
  pages   = {10},
}

@misc{bins,
	howpublished = {URL: \url{https://otus.ru/journal/binarnyj-poisk-opisanie-i-princip-realizacii-v-programmirovanii/} (дата обращения 22.12.2022)},
	title        = {Бинарный поиск [Электронный ресурс]},
}