@misc{golang,
	title="Язык программирования Go [Электронный ресурс].",
	howpublished="Режим доступа: \url{https://go.dev} (дата обращения: 23.10.2022)"
}

@misc{gotest,
	title="Документация по ЯП Go: бенчмарки [Электронный ресурс]",
	howpublished="Режим доступа: \url{https://go.dev/doc/tutorial/add-a-test} (дата обращения: 23.10.2022)"
}

@misc{windows,
	title="Windows 11 [Электронный ресурс]",
	howpublished="Режим доступа: \url{https://www.microsoft.com/en-us/windows?wa=wsignin1.0} (дата обращения: 23.10.2022)"
}

@misc{amd,
	title="Процессор AMD Ryzen™ 5 3550H [Электронный ресурс]",
	howpublished="Режим доступа: \url{https://www.amd.com/ru/products/apu/amd-ryzen-5-3550h} (дата обращения: 23.10.2022)"
}

@misc{conv,
	title="Конвейер [Электронный ресурс]",
  howpublished="Режим доступа: \url{https://dic.academic.ru/dic.nsf/ruwiki/1309321} (дата обращения 06.12.2022)"
}

@article{intro-2,
  title={Анализ и классификация алгоритмов кластеризации},
  author={Ершов, КС and Романова, ТН},
  journal={Новые информационные технологии в автоматизированных системах},
  number={19},
  pages={274--279},
  year={2016},
  publisher={Федеральное государственное автономное образовательное учреждение высшего~…}
}

@misc{threads,
	title="Потоки [Электронный ресурс]",
	howpublished="Режим доступа: \url{https://learn.microsoft.com/ru-ru/dotnet/standard/threading/threads-and-threading} (дата обращения 5.11.2022)"
}

@misc{book,
  title={Автоматическая обработка текстов на естественном языке и компьютерная лингвистика},
  author={Большакова, Елена Игоревн and Клышинский, Эдуард Станиславович},
  year={2021},
  pages={272},
}
