@misc{golang,
	title="Язык программирования Go [Электронный ресурс].",
	howpublished="Режим доступа: \url{https://go.dev} (дата обращения: 23.10.2022)"
}

@misc{gotest,
	title="Документация по ЯП Go: бенчмарки [Электронный ресурс]",
	howpublished="Режим доступа: \url{https://go.dev/doc/tutorial/add-a-test} (дата обращения: 23.10.2022)"
}

@misc{windows,
	title="Windows 11 [Электронный ресурс]",
	howpublished="Режим доступа: \url{https://www.microsoft.com/en-us/windows?wa=wsignin1.0} (дата обращения: 23.10.2022)"
}

@misc{amd,
	title="Процессор AMD Ryzen™ 5 3550H [Электронный ресурс]",
	howpublished="Режим доступа: \url{https://www.amd.com/ru/products/apu/amd-ryzen-5-3550h} (дата обращения: 23.10.2022)"
}